@INPROCEEDINGS{6360799, 
author={S. Hsu and C. Lin and J. Wu}, 
booktitle={Proc. of IEEE Conference on Industrial Electronics and Applications}, 
title={Balancing charge/discharge management for series/parallel battery packs}, 
year={2012}, 
volume={}, 
number={}, 
keywords={battery management systems;battery storage plants;charge/discharge management;series/parallel battery packs;battery management system;battery capacity equalization;battery energy storage;charge equalization;Batteries;Discharges (electric);Inductors;MOSFETs;Capacitors;Equalizers;Conferences;battery management;charge/discharge equalization;circuit design}, 
doi={10.1109/ICIEA.2012.6360799}, 
ISSN={2156-2318}, 
  address       = "Singapore",
month=jul,}

@book{BOYD,
  author        = "S. Boyd and L. Vandenberghe",
  title         = "Convex Optimization",
  publisher     = "Cambridge University Press",
  address       = "Cambridge, England",
  year          = "2004"
}

@ARTICLE{6869906, 
author={J. Chiasson and B. Vairamohan}, 
journal={IEEE Trans. on Control Systems Technology}, 
title={Estimating the state of charge of a battery}, 
year={2005}, 
volume={13}, 
number={3}, 
pages={465-470}, 
keywords={electric charge;battery management systems;state estimation;secondary cells;time-varying systems;observability;battery state of charge;state estimation;electrochemical batteries;linear time-varying system;observability;State estimation;Voltage;Circuits;Capacitance;Electric resistance;Current measurement;Time varying systems;Battery charge measurement;Filters;Observability;Battery;linear time-varying systems;observability Gramian;state of charge (SOC)}, 
doi={10.1109/TCST.2004.839571}, 
ISSN={1063-6536}, 
month=may,}


@ARTICLE{6146409, 
author={S. Kazempour and A. Conejo and C. Ruiz}, 
journal={IEEE Trans. on Power Systems}, 
title={Strategic Generation Investment Considering Futures and Spot Markets}, 
year={2012}, 
volume={27}, 
number={3}, 
pages={1467-1476}, 
keywords={power generation economics;power markets;strategic generation investment;spot markets;trading electric energy;pool prices;strategic electricity producer;bilevel model;upper-level problem;lower-level problems;mathematical program;equilibrium constraints;tractable mixed-integer linear programming problem;Investments;Production;Indexes;Planning;Computational modeling;Analytical models;Mathematical model;Arbitrage;futures market;generation investment;MPEC;spot market;strategic producer}, 
doi={10.1109/TPWRS.2011.2182664}, 
ISSN={0885-8950}, 
month=aug,}




@ARTICLE{8663451, 
author={G. {Henri} and N. {Lu}}, 
journal={IEEE Trans. on Smart Grid}, 
title={A Supervised Machine Learning Approach to Control Energy Storage Devices}, 
year={2019}, 
volume={}, 
number={}, 
pages={1-1}, 
month={},}


@ARTICLE{8003332, 
author={J. E. {Contreras-Oca√±a} and M. A. {Ortega-Vazquez} and B. {Zhang}}, 
journal={IEEE Trans. on Smart Grid}, 
title={Participation of an Energy Storage Aggregator in Electricity Markets}, 
year={2019}, 
volume={10}, 
number={2}, 
pages={1171-1183}, 
month={March},}

@article{rong2006analytical,
  title={An analytical model for predicting the remaining battery capacity of lithium-ion batteries},
  author={Rong, Peng and Pedram, Massoud},
  journal={IEEE Trans. on VLSI Systems},
  volume={14},
  number={5},
  pages={441-451},
  year={2006},
  publisher={IEEE}
}


@article{goebel2008prognostics,
  title={Prognostics in battery health management},
  author={Goebel, Kai and Saha, Bhaskar and Saxena, Abhinav and Celaya, Jose R and Christophersen, Jon P},
  journal={IEEE instrumentation \& measurement magazine},
  volume={11},
  number={4},
  pages={33-40},
  year={2008},
  publisher={IEEE}
}


@inproceedings{martinez2016evaluation,
  title={Evaluation of lithium-ion battery second life performance and degradation},
  author={Martinez-Laserna, Egoitz and Sarasketa-Zabala, Elixabet and Stroe, D-I and Swierczynski, M and Warnecke, Alexander and Timmermans, Jean-Marc and Goutam, Shovon and Rodriguez, Pedro},
  booktitle={2016 IEEE Energy Conversion Congress and Exposition},
  pages={1--7},
  year={2016},
  organization={IEEE}
}





@article{roscher2011detection,
  title={Detection of utilizable capacity deterioration in battery systems},
  author={Roscher, Michael A and Assfalg, Jochen and Bohlen, Oliver S},
  journal={IEEE Trans. on vehicular technology},
  volume={60},
  number={1},
  pages={98--103},
  year={2011},
  publisher={IEEE}
}

@article{liao2017performance,
  title={Performance assessment and classification of retired lithium ion battery from electric vehicles for energy storage},
  author={Liao, Qiangqiang and Mu, Miaomiao and Zhao, Shuqi and Zhang, Lizhong and Jiang, Tao and Ye, Jilei and Shen, Xiaowang and Zhou, Guoding},
  journal={International Journal of Hydrogen Energy},
  volume={42},
  number={30},
  pages={18817--18823},
  year={2017},
  publisher={Elsevier}
}

@ARTICLE{7165596, 
author={N. {Mukherjee} and D. {Strickland}}, 
journal={IEEE Journal of Emerging and Selected Topics in Power Electronics}, 
title={Analysis and Comparative Study of Different Converter Modes in Modular Second-Life Hybrid Battery Energy Storage Systems}, 
year={2016}, 
volume={4}, 
number={2}, 
pages={547-563}, 
month={June},}

@ARTICLE{6861989, 
author={N. {Mukherjee} and D. {Strickland}}, 
journal={IEEE Trans. on Industrial Electronics}, 
title={Control of Second-Life Hybrid Battery Energy Storage System Based on Modular Boost-Multilevel Buck Converter}, 
year={2015}, 
volume={62}, 
number={2}, 
pages={1034-1046}, 
month={Feb},}



@article{tong2017demonstration,
  title={Demonstration of reusing electric vehicle battery for solar energy storage and demand side management},
  author={Tong, Shijie and Fung, Tsz and Klein, Matthew P and Weisbach, David A and Park, Jae Wan},
  journal={Journal of Energy Storage},
  volume={11},
  pages={200--210},
  year={2017},
  publisher={Elsevier}
}

@inproceedings{saez2015second,
  title={Second life battery energy storage system for residential demand response service},
  author={Saez-de-Ibarra, Andoni and Martinez-Laserna, Egoitz and Koch-Ciobotaru, Cosmin and Rodriguez, Pedro and Stroe, Daniel-Ioan and Swierczynski, Maciej},
  booktitle={2015 IEEE International Conference on Industrial Technology (ICIT)},
  pages={2941--2948},
  year={2015},
  organization={IEEE}
}


@inproceedings{keeli2012optimal,
  title={Optimal use of second life battery for peak load management and improving the life of the battery},
  author={Keeli, Anupama and Sharma, Ratnesh K},
  booktitle={2012 IEEE International Electric Vehicle Conference},
  pages={1--6},
  year={2012},
  organization={IEEE}
}


@ARTICLE{7588052, 
author={D. {Stroe} and V. {Knap} and M. {Swierczynski} and A. {Stroe} and R. {Teodorescu}}, 
journal={IEEE Trans. on Industry Applications}, 
title={Operation of a Grid-Connected Lithium-Ion Battery Energy Storage System for Primary Frequency Regulation: A Battery Lifetime Perspective}, 
year={2017}, 
volume={53}, 
number={1}, 
pages={430-438}, 
month={Jan},}

@INPROCEEDINGS{7428105, 
author={T. {Cui} and S. {Chen} and Y. {Wang} and Q. {Zhu} and S. {Nazarian} and M. {Pedram}}, 
booktitle={in Proc. of 21st Asia and South Pacific Design Automation Conference}, 
title={Optimal co-scheduling of HVAC control and battery management for energy-efficient buildings considering state-of-health degradation}, 
year={2016}, 
volume={}, 
number={}, 
pages={775-780}, 
month={Jan},}

@article{MASIHTEHRANI20132,
title = "Optimum sizing and optimum energy management of a hybrid energy storage system for lithium battery life improvement",
journal = "Journal of Power Sources",
volume = "244",
pages = "2 - 10",
year = "2013",
author = "Masoud Masih-Tehrani and Mohammad-Reza Ha'iri-Yazdi and Vahid Esfahanian and Ali Safaei",
}